@book{symGroupsApplications,
  author = {Willard Miller},
  publisher = {Academic Press},
  title = {Symmetry Groups and Their Applications},
  year = {1972}
}
@misc{IntroMessagePassing,
  title={Neural Message Passing for Quantum Chemistry}, 
  author={Justin Gilmer and Samuel S. Schoenholz and Patrick F. Riley and Oriol Vinyals and George E. Dahl},
  year={2017},
  eprint={1704.01212},
  archivePrefix={arXiv},
  primaryClass={cs.LG},
  url={https://arxiv.org/abs/1704.01212}, 
}