@misc{paperGCNConv,
      title={Semi-Supervised Classification with Graph Convolutional Networks}, 
      author={Thomas N. Kipf and Max Welling},
      year={2017},
      eprint={1609.02907},
      archivePrefix={arXiv},
      primaryClass={cs.LG},
      url={https://arxiv.org/abs/1609.02907}, 
}

@misc{paperGINEConv,
      title={Strategies for Pre-training Graph Neural Networks}, 
      author={Weihua Hu and Bowen Liu and Joseph Gomes and Marinka Zitnik and Percy Liang and Vijay Pande and Jure Leskovec},
      year={2020},
      eprint={1905.12265},
      archivePrefix={arXiv},
      primaryClass={cs.LG},
      url={https://arxiv.org/abs/1905.12265}, 
}
@article{topKPooling,
  author       = {Hongyang Gao and
                  Shuiwang Ji},
  title        = {Graph U-Nets},
  journal      = {CoRR},
  volume       = {abs/1905.05178},
  year         = {2019},
  url          = {http://arxiv.org/abs/1905.05178},
  eprinttype    = {arXiv},
  eprint       = {1905.05178},
}
@article{poolingInGNNs,
  author       = {Daniele Grattarola and
                  Daniele Zambon and
                  Filippo Maria Bianchi and
                  Cesare Alippi},
  title        = {Understanding Pooling in Graph Neural Networks},
  journal      = {CoRR},
  volume       = {abs/2110.05292},
  year         = {2021},
  url          = {https://arxiv.org/abs/2110.05292},
  eprinttype    = {arXiv},
  eprint       = {2110.05292},
}