@book{symGroupsApplications,
  author = {Willard Miller},
  publisher = {Academic Press},
  title = {Symmetry Groups and Their Applications},
  year = {1972}
}
@book{kittel,
  author = {Charles Kittel},
  publisher = {Wiley},
  title = {Introduction to Solid State Physics},
  edition = {8. ed.},
  year = {2005}
}
@misc{IntroMessagePassing,
  title={Neural Message Passing for Quantum Chemistry}, 
  author={Justin Gilmer and Samuel S. Schoenholz and Patrick F. Riley and Oriol Vinyals and George E. Dahl},
  year={2017},
  eprint={1704.01212},
  archivePrefix={arXiv},
  primaryClass={cs.LG},
  url={https://arxiv.org/abs/1704.01212}, 
}
@article{Schwarzenberger, 
  title={Classification of crystal lattices}, 
  volume={72}, DOI={10.1017/S0305004100047162}, 
  number={3}, 
  journal={Mathematical Proceedings of the Cambridge Philosophical Society}, 
  author={Schwarzenberger, R. L. E.}, 
  year={1972}, 
  pages={325â€“349}
}